<?xml version="1.0" encoding="UTF-8"?><collection xmlns="http://www.loc.gov/MARC21/slim"><record><leader>00414nam--2200133-i-4500</leader><controlfield tag="001">000040745</controlfield><controlfield tag="002">20161230</controlfield><controlfield tag="005">20161230201042</controlfield><controlfield tag="008">060222s1000------------r-----000-0-eng-d</controlfield><datafield ind1=" " ind2=" " tag="080"><subfield code="a">539.12.047:577.346</subfield></datafield><datafield ind1=" " ind2=" " tag="100"><subfield code="a">Schulz,Wolgang And Gunther,Klaus</subfield></datafield><datafield ind1=" " ind2=" " tag="245"><subfield code="a">Biophysical theory of radiation action. a treatise on relative biological effectiveness</subfield></datafield><datafield ind1=" " ind2=" " tag="260"><subfield code="a">Berlin, Akad.-verlag, 1983. Xi + 354 P</subfield></datafield><datafield ind1=" " ind2=" " tag="852"><subfield code="a">72044</subfield></datafield></record></collection>